<Document><BkToCstmrStmt><GrpHdr><MsgId>XXX24Y4XXX1Y000000001</MsgId><CreDtTm>2023-04-20T23:24:31</CreDtTm></GrpHdr><Stmt><Id>XXX24Y4XXX1Y000000001</Id><ElctrncSeqNb>1</ElctrncSeqNb><LglSeqNb>1</LglSeqNb><CreDtTm>2023-04-20T23:24:31</CreDtTm><FrToDt><FrDtTm>2023-04-20T00:00:00</FrDtTm><ToDtTm>2023-04-20T23:59:59</ToDtTm></FrToDt><Acct><Id><IBAN>DK8030000001234567</IBAN></Id><Ccy>DKK</Ccy><Nm>Danske Corporate</Nm><Ownr><Nm>Account owner</Nm><PstlAdr><StrtNm>Streetname</StrtNm><BldgNb>20</BldgNb><PstCd>1234</PstCd><TwnNm>Townname</TwnNm><Ctry>DK</Ctry><AdrLine/></PstlAdr><Id><OrgId><Othr><Id>0012345678</Id><SchmeNm><Cd>CUST</Cd></SchmeNm></Othr></OrgId></Id></Ownr><Svcr><FinInstnId><BIC>DABADKKK</BIC><Nm/><PstlAdr/></FinInstnId></Svcr></Acct><Bal><Tp><CdOrPrtry><Cd>OPBD</Cd></CdOrPrtry></Tp><Amt Ccy="DKK">12345.67</Amt><CdtDbtInd>DBIT</CdtDbtInd><Dt><Dt>2023-04-20</Dt></Dt></Bal><Bal><Tp><CdOrPrtry><Cd>CLBD</Cd></CdOrPrtry></Tp><Amt Ccy="DKK">23456.78</Amt><CdtDbtInd>DBIT</CdtDbtInd><Dt><Dt>2023-04-20</Dt></Dt></Bal><Bal><Tp><CdOrPrtry><Cd>OPAV</Cd></CdOrPrtry></Tp><Amt Ccy="DKK">12345.67</Amt><CdtDbtInd>DBIT</CdtDbtInd><Dt><Dt>2023-04-20</Dt></Dt></Bal><Bal><Tp><CdOrPrtry><Cd>CLAV</Cd></CdOrPrtry></Tp><Amt Ccy="DKK">23456.78</Amt><CdtDbtInd>DBIT</CdtDbtInd><Dt><Dt>2023-04-20</Dt></Dt></Bal><Bal><Tp><CdOrPrtry><Cd>PRCD</Cd></CdOrPrtry></Tp><Amt Ccy="DKK">12345.67</Amt><CdtDbtInd>DBIT</CdtDbtInd><Dt><Dt>2023-04-19</Dt></Dt></Bal><TxsSummry><TtlNtries><NbOfNtries>6</NbOfNtries><TtlNetNtryAmt>343174.12</TtlNetNtryAmt><CdtDbtInd>DBIT</CdtDbtInd></TtlNtries><TtlCdtNtries><NbOfNtries>4</NbOfNtries><Sum>3163.89</Sum></TtlCdtNtries><TtlDbtNtries><NbOfNtries>2</NbOfNtries><Sum>346338.01</Sum></TtlDbtNtries></TxsSummry><Ntry><NtryRef>1</NtryRef><Amt Ccy="DKK">591.15</Amt><CdtDbtInd>CRDT</CdtDbtInd><Sts>BOOK</Sts><BookgDt><Dt>2023-04-20</Dt></BookgDt><ValDt><Dt>2023-04-20</Dt></ValDt><AcctSvcrRef>012X123456789012</AcctSvcrRef><BkTxCd><Domn><Cd>PMNT</Cd><Fmly><Cd>RCDT</Cd><SubFmlyCd>XBCT</SubFmlyCd></Fmly></Domn><Prtry><Cd>BETAL. 3825-0123456789</Cd><Issr>DBA</Issr></Prtry></BkTxCd><NtryDtls><TxDtls><Refs><EndToEndId>NOTPROVIDED</EndToEndId></Refs><AmtDtls><TxAmt><Amt Ccy="DKK">591.15</Amt></TxAmt></AmtDtls><RltdPties><CdtrAcct/></RltdPties><RltdDts><AccptncDtTm>2023-04-18T01:01:01</AccptncDtTm></RltdDts></TxDtls></NtryDtls></Ntry><Ntry><NtryRef>2</NtryRef><Amt Ccy="DKK">1101.88</Amt><CdtDbtInd>CRDT</CdtDbtInd><Sts>BOOK</Sts><BookgDt><Dt>2023-04-20</Dt></BookgDt><ValDt><Dt>2023-04-20</Dt></ValDt><AcctSvcrRef>FISAM.POST</AcctSvcrRef><BkTxCd><Domn><Cd>PMNT</Cd><Fmly><Cd>RCDT</Cd><SubFmlyCd>VCOM</SubFmlyCd></Fmly></Domn><Prtry><Cd>DIV.INDB.KORT 87654321 / 71</Cd><Issr>DBA</Issr></Prtry></BkTxCd><NtryDtls><TxDtls><Refs><EndToEndId>NOTPROVIDED</EndToEndId></Refs><AmtDtls><TxAmt><Amt Ccy="DKK">528.94</Amt></TxAmt></AmtDtls><RltdPties><CdtrAcct><Id><Othr><Id>87654321</Id></Othr></Id></CdtrAcct></RltdPties><RltdDts><AccptncDtTm>2023-04-19T01:01:01</AccptncDtTm></RltdDts></TxDtls><TxDtls><Refs><EndToEndId>NOTPROVIDED</EndToEndId></Refs><AmtDtls><TxAmt><Amt Ccy="DKK">572.94</Amt></TxAmt></AmtDtls><RltdPties><CdtrAcct><Id><Othr><Id>87654321</Id></Othr></Id></CdtrAcct></RltdPties><RltdDts><AccptncDtTm>2023-04-19T01:01:01</AccptncDtTm></RltdDts></TxDtls></NtryDtls></Ntry><Ntry><NtryRef>3</NtryRef><Amt Ccy="DKK">150.86</Amt><CdtDbtInd>CRDT</CdtDbtInd><Sts>BOOK</Sts><BookgDt><Dt>2023-04-20</Dt></BookgDt><ValDt><Dt>2023-04-20</Dt></ValDt><AcctSvcrRef>1234569988</AcctSvcrRef><BkTxCd><Domn><Cd>PMNT</Cd><Fmly><Cd>RCDT</Cd><SubFmlyCd>DMCT</SubFmlyCd></Fmly></Domn><Prtry><Cd>81223344</Cd><Issr>DBA</Issr></Prtry></BkTxCd><NtryDtls><TxDtls><Refs><EndToEndId>NOTPROVIDED</EndToEndId></Refs><AmtDtls><TxAmt><Amt Ccy="DKK">150.86</Amt></TxAmt></AmtDtls><RltdPties><CdtrAcct/></RltdPties><RltdDts><AccptncDtTm>2023-04-20T01:01:01</AccptncDtTm></RltdDts></TxDtls></NtryDtls></Ntry><Ntry><NtryRef>4</NtryRef><Amt Ccy="DKK">344278.01</Amt><CdtDbtInd>DBIT</CdtDbtInd><Sts>BOOK</Sts><BookgDt><Dt>2023-04-19</Dt></BookgDt><ValDt><Dt>2023-04-19</Dt></ValDt><AcctSvcrRef>1712345678</AcctSvcrRef><BkTxCd><Domn><Cd>PMNT</Cd><Fmly><Cd>ICDT</Cd><SubFmlyCd>XBCT</SubFmlyCd></Fmly></Domn><Prtry><Cd>DBT.XXXX YYX 1-1234567890</Cd><Issr>DBA</Issr></Prtry></BkTxCd><NtryDtls><TxDtls><Refs><EndToEndId>EndToEndId</EndToEndId></Refs><AmtDtls><TxAmt><Amt Ccy="DKK">344278.01</Amt></TxAmt></AmtDtls><RltdPties><CdtrAcct><Id><Othr/></Id></CdtrAcct></RltdPties><RltdDts><AccptncDtTm>2023-04-19T01:01:01</AccptncDtTm></RltdDts></TxDtls></NtryDtls></Ntry><Ntry><NtryRef>5</NtryRef><Amt Ccy="DKK">1320.00</Amt><CdtDbtInd>CRDT</CdtDbtInd><Sts>BOOK</Sts><BookgDt><Dt>2023-04-20</Dt></BookgDt><ValDt><Dt>2023-04-20</Dt></ValDt><AcctSvcrRef>0000000000</AcctSvcrRef><BkTxCd><Domn><Cd>PMNT</Cd><Fmly><Cd>MCRD</Cd><SubFmlyCd>POSP</SubFmlyCd></Fmly></Domn><Prtry><Cd>DKSSL 1234 1234567ZZ1XXXXX09Y</Cd><Issr>DBA</Issr></Prtry></BkTxCd><NtryDtls><TxDtls><Refs><EndToEndId>NOTPROVIDED</EndToEndId></Refs><AmtDtls><TxAmt><Amt Ccy="DKK">1320.00</Amt></TxAmt></AmtDtls><RltdPties/><RltdDts><AccptncDtTm>2023-04-20T01:01:01</AccptncDtTm></RltdDts></TxDtls></NtryDtls></Ntry><Ntry><NtryRef>6</NtryRef><Amt Ccy="DKK">2060.00</Amt><CdtDbtInd>DBIT</CdtDbtInd><Sts>BOOK</Sts><BookgDt><Dt>2023-05-09</Dt></BookgDt><ValDt><Dt>2023-05-09</Dt></ValDt><AcctSvcrRef>2112345678</AcctSvcrRef><BkTxCd><Domn><Cd>PMNT</Cd><Fmly><Cd>ICDT</Cd><SubFmlyCd>DMCT</SubFmlyCd></Fmly></Domn><Prtry><Cd>TELESERVICE 1722334455</Cd><Issr>DBA</Issr></Prtry></BkTxCd><NtryDtls><TxDtls><Refs><EndToEndId>NOTPROVIDED</EndToEndId></Refs><AmtDtls><TxAmt><Amt Ccy="DKK">2060.00</Amt></TxAmt></AmtDtls><RltdPties><CdtrAcct><Id><Othr><Id>82123456</Id></Othr></Id></CdtrAcct></RltdPties><RltdDts><AccptncDtTm>2023-05-09T01:01:01</AccptncDtTm></RltdDts></TxDtls></NtryDtls></Ntry></Stmt></BkToCstmrStmt></Document>