:20:XXX24Y4XXX1Y000000001
:25:/DK8030000001234567
:28C:1/1
:60F:D230420DKK12345,67
:61:2304200420C591,15CRED012X123456789012//1
:86:BETAL. 3825-0123456789
Acceptance: 2023-04-18T01:01:01
Status: BOOK
:61:2304200420C1101,88CREDFISAM.POST//2
:86:DIV.INDB.KORT 87654321 / 71
Creditor: 87654321
Acceptance: 2023-04-19T01:01:01
Status: BOOK
:61:2304200420C150,86CRED1234569988//3
:86:81223344
Acceptance: 2023-04-20T01:01:01
Status: BOOK
:61:2304190419D344278,01DEBT1712345678//4
:86:DBT.XXXX YYX 1-1234567890
EndToEndId: EndToEndId
Acceptance: 2023-04-19T01:01:01
Status: BOOK
:61:2304200420C1320,00CARD0000000000//5
:86:DKSSL 1234 1234567ZZ1XXXXX09Y
Acceptance: 2023-04-20T01:01:01
Status: BOOK
:61:2305090509D2060,00DEBT2112345678//6
:86:TELESERVICE 1722334455
Creditor: 82123456
Acceptance: 2023-05-09T01:01:01
Status: BOOK
:62F:D230420DKK23456,78
:64:D230420DKK23456,78