<Document><BkToCstmrStmt><GrpHdr><MsgId>123456789</MsgId><CreDtTm>2025-11-03T08:43:41</CreDtTm></GrpHdr><Stmt><Id>123456789</Id><ElctrncSeqNb>1</ElctrncSeqNb><LglSeqNb>1</LglSeqNb><CreDtTm>2025-11-03T08:43:41</CreDtTm><FrToDt><FrDtTm>2024-09-30T00:00:00</FrDtTm><ToDtTm>2024-10-02T23:59:59</ToDtTm></FrToDt><Acct><Id><IBAN>123456789/12345678</IBAN></Id><Ccy>EUR</Ccy><Nm>Account Holder</Nm><Ownr><Nm>Account Owner</Nm><PstlAdr><StrtNm>Street</StrtNm><BldgNb>123</BldgNb><PstCd>12345</PstCd><TwnNm>City</TwnNm><Ctry>XX</Ctry><AdrLine/></PstlAdr><Id><OrgId><Othr><Id>1234567890</Id><SchmeNm><Cd>CUST</Cd></SchmeNm></Othr></OrgId></Id></Ownr><Svcr><FinInstnId><BIC>XXXXXXXXXXX</BIC><Nm>Bank Name</Nm><PstlAdr/></FinInstnId></Svcr></Acct><Bal><Tp><CdOrPrtry><Cd>OPBD</Cd></CdOrPrtry></Tp><Amt Ccy="EUR">12345.67</Amt><CdtDbtInd>CRDT</CdtDbtInd><Dt><Dt>2024-09-30</Dt></Dt></Bal><Bal><Tp><CdOrPrtry><Cd>CLBD</Cd></CdOrPrtry></Tp><Amt Ccy="EUR">12679.00</Amt><CdtDbtInd>CRDT</CdtDbtInd><Dt><Dt>2024-10-02</Dt></Dt></Bal><TxsSummry><TtlNtries><NbOfNtries>2</NbOfNtries><TtlNetNtryAmt>333.33</TtlNetNtryAmt><CdtDbtInd>CRDT</CdtDbtInd></TtlNtries><TtlCdtNtries><NbOfNtries>1</NbOfNtries><Sum>456.78</Sum></TtlCdtNtries><TtlDbtNtries><NbOfNtries>1</NbOfNtries><Sum>123.45</Sum></TtlDbtNtries></TxsSummry><Ntry><NtryRef>1</NtryRef><Amt Ccy="EUR">123.45</Amt><CdtDbtInd>DBIT</CdtDbtInd><Sts>BOOK</Sts><BookgDt><Dt>2024-10-01</Dt></BookgDt><ValDt><Dt>2024-10-01</Dt></ValDt><AcctSvcrRef>NONREF</AcctSvcrRef><BkTxCd><Domn><Cd>PMNT</Cd><Fmly><Cd>PMNT</Cd><SubFmlyCd>STDO</SubFmlyCd></Fmly></Domn><Prtry><Cd>NTRF</Cd><Issr>BANK</Issr></Prtry></BkTxCd><NtryDtls><TxDtls><Refs><EndToEndId>123456789</EndToEndId></Refs><AmtDtls><TxAmt><Amt Ccy="EUR">123.45</Amt></TxAmt></AmtDtls><RltdPties/><RltdDts><AccptncDtTm>2024-10-01T00:00:00</AccptncDtTm></RltdDts></TxDtls></NtryDtls></Ntry><Ntry><NtryRef>2</NtryRef><Amt Ccy="EUR">456.78</Amt><CdtDbtInd>CRDT</CdtDbtInd><Sts>BOOK</Sts><BookgDt><Dt>2024-10-02</Dt></BookgDt><ValDt><Dt>2024-10-02</Dt></ValDt><AcctSvcrRef>NONREF</AcctSvcrRef><BkTxCd><Domn><Cd>PMNT</Cd><Fmly><Cd>PMNT</Cd><SubFmlyCd>STDO</SubFmlyCd></Fmly></Domn><Prtry><Cd>NTRF</Cd><Issr>BANK</Issr></Prtry></BkTxCd><NtryDtls><TxDtls><Refs><EndToEndId>987654321</EndToEndId></Refs><AmtDtls><TxAmt><Amt Ccy="EUR">456.78</Amt></TxAmt></AmtDtls><RltdPties/><RltdDts><AccptncDtTm>2024-10-02T00:00:00</AccptncDtTm></RltdDts></TxDtls></NtryDtls></Ntry></Stmt></BkToCstmrStmt></Document>