:20:123456789
:25:/123456789/12345678
:28C:1/1
:60F:C240930EUR12345,67
:61:2410011001D123,45NTRFNONREF//1
:86:NTRF
EndToEndId: 123456789
Acceptance: 2024-10-01T00:00:00
Status: BOOK
:61:2410021002C456,78NTRFNONREF//2
:86:NTRF
EndToEndId: 987654321
Acceptance: 2024-10-02T00:00:00
Status: BOOK
:62F:C241002EUR12679,00